@misc{ Kinetis,
    title={K60 Sub-Family Reference Manual},
    howpublished={[online]},
    note={[vid.~2020-12-13]},
    url={http://www.fit.vutbr.cz/~simekv/K60P144M100SF2V2RM.pdf}
}

@misc{ Zapojenie,
    title={IMP – projekt „Měření srdečního tepu“},
	author={Václav Šimek},
    howpublished={[online]},
    note={[vid.~2020-12-13]},
    url={http://www.fit.vutbr.cz/~simekv/IMP_projekt%20-%20mereni_tep.pdf}
}

@misc{ Highpass,
    title={High-pass filter},
    howpublished={[online]},
    note={[vid.~2020-12-15]},
    url={https://en.wikipedia.org/wiki/High-pass_filter}
}

@misc{ Priemer,
    title={Kĺzavý priemer},
    howpublished={[online]},
    note={[vid.~2020-12-15]},
    url={https://en.wikipedia.org/wiki/Moving_average}
}
